@article{DBLP:journals/corr/ZhangYS17aa,
  author    = {Shuai Zhang and
               Lina Yao and
               Aixin Sun},
  title     = {Deep Learning based Recommender System: {A} Survey and New Perspectives},
  journal   = {CoRR},
  volume    = {abs/1707.07435},
  year      = {2017},
  url       = {http://arxiv.org/abs/1707.07435},
  archivePrefix = {arXiv},
  eprint    = {1707.07435},
  timestamp = {Tue, 08 Aug 2017 13:30:53 +0200},
  biburl    = {https://dblp.org/rec/bib/journals/corr/ZhangYS17aa},
  bibsource = {dblp computer science bibliography, https://dblp.org}
}
BibTeX. @MISC{Piotte 09th Pragmatic, author = {Martin Piotte and Martin Chabbert}, title = {The Pragmatic Theory Solution to the Netflix Grand Prize, in: Netflix prize documentation}, year = {2009}
}
@article{article,
author = {TÃ¶scher, Andreas and Jahrer, Michael},
year = {2009},
month = {01},
pages = {},
title = {The BigChaos Solution to the Netflix Grand Prize}
}
@MISC{Koren091the,
    author = {Yehuda Koren},
    title = {1 The BellKor Solution to the Netflix Grand Prize},
    year = {2009}
}
@ARTICLE{2017arXiv170500105S,
   author = {{Sidana}, S. and {Trofimov}, M. and {Horodnitskii}, O. and {Laclau}, C. and 
	{Maximov}, Y. and {Amini}, M.-R.},
    title = "{Representation Learning and Pairwise Ranking for Implicit Feedback in Recommendation Systems}",
  journal = {ArXiv e-prints},
archivePrefix = "arXiv",
   eprint = {1705.00105},
 primaryClass = "stat.ML",
 keywords = {Statistics - Machine Learning, Computer Science - Computation and Language, Computer Science - Information Retrieval},
     year = 2017,
    month = apr,
   adsurl = {http://adsabs.harvard.edu/abs/2017arXiv170500105S},
  adsnote = {Provided by the SAO/NASA Astrophysics Data System}
}
@article{DBLP:journals/corr/abs-1711-02487,
  author    = {Yoel Zeldes and
               Stavros Theodorakis and
               Efrat Solodnik and
               Aviv Rotman and
               Gil Chamiel and
               Dan Friedman},
  title     = {Deep density networks and uncertainty in recommender systems},
  journal   = {CoRR},
  volume    = {abs/1711.02487},
  year      = {2017},
  url       = {http://arxiv.org/abs/1711.02487},
  archivePrefix = {arXiv},
  eprint    = {1711.02487},
  timestamp = {Fri, 01 Dec 2017 14:22:24 +0100},
  biburl    = {https://dblp.org/rec/bib/journals/corr/abs-1711-02487},
  bibsource = {dblp computer science bibliography, https://dblp.org}
}
@ARTICLE{2018arXiv180108284W,
   author = {{Wang}, H. and {Zhang}, F. and {Xie}, X. and {Guo}, M.},
    title = "{DKN: Deep Knowledge-Aware Network for News Recommendation}",
  journal = {ArXiv e-prints},
archivePrefix = "arXiv",
   eprint = {1801.08284},
 primaryClass = "stat.ML",
 keywords = {Statistics - Machine Learning, Computer Science - Learning},
     year = 2018,
    month = jan,
   adsurl = {http://adsabs.harvard.edu/abs/2018arXiv180108284W},
  adsnote = {Provided by the SAO/NASA Astrophysics Data System}
}
@article{DBLP:journals/corr/abs-1708-05031,
  author    = {Xiangnan He and
               Lizi Liao and
               Hanwang Zhang and
               Liqiang Nie and
               Xia Hu and
               Tat{-}Seng Chua},
  title     = {Neural Collaborative Filtering},
  journal   = {CoRR},
  volume    = {abs/1708.05031},
  year      = {2017},
  url       = {http://arxiv.org/abs/1708.05031},
  archivePrefix = {arXiv},
  eprint    = {1708.05031},
  timestamp = {Tue, 05 Sep 2017 10:03:46 +0200},
  biburl    = {https://dblp.org/rec/bib/journals/corr/abs-1708-05031},
  bibsource = {dblp computer science bibliography, https://dblp.org}
}
@inproceedings{Cheng:2016:WDL:2988450.2988454,
 author = {Cheng, Heng-Tze and Koc, Levent and Harmsen, Jeremiah and Shaked, Tal and Chandra, Tushar and Aradhye, Hrishi and Anderson, Glen and Corrado, Greg and Chai, Wei and Ispir, Mustafa and Anil, Rohan and Haque, Zakaria and Hong, Lichan and Jain, Vihan and Liu, Xiaobing and Shah, Hemal},
 title = {Wide \& Deep Learning for Recommender Systems},
 booktitle = {Proceedings of the 1st Workshop on Deep Learning for Recommender Systems},
 series = {DLRS 2016},
 year = {2016},
 isbn = {978-1-4503-4795-2},
 location = {Boston, MA, USA},
 pages = {7--10},
 numpages = {4},
 url = {http://doi.acm.org/10.1145/2988450.2988454},
 doi = {10.1145/2988450.2988454},
 acmid = {2988454},
 publisher = {ACM},
 address = {New York, NY, USA},
 keywords = {Recommender Systems, Wide \& Deep Learning},
} 
@inproceedings{Huang:2013:LDS:2505515.2505665,
 author = {Huang, Po-Sen and He, Xiaodong and Gao, Jianfeng and Deng, Li and Acero, Alex and Heck, Larry},
 title = {Learning Deep Structured Semantic Models for Web Search Using Clickthrough Data},
 booktitle = {Proceedings of the 22Nd ACM International Conference on Information \& Knowledge Management},
 series = {CIKM '13},
 year = {2013},
 isbn = {978-1-4503-2263-8},
 location = {San Francisco, California, USA},
 pages = {2333--2338},
 numpages = {6},
 url = {http://doi.acm.org/10.1145/2505515.2505665},
 doi = {10.1145/2505515.2505665},
 acmid = {2505665},
 publisher = {ACM},
 address = {New York, NY, USA},
 keywords = {clickthrough data, deep learning, semantic model, web search},
} 
@inproceedings{Wang:2017:IMG:3077136.3080786,
 author = {Wang, Jun and Yu, Lantao and Zhang, Weinan and Gong, Yu and Xu, Yinghui and Wang, Benyou and Zhang, Peng and Zhang, Dell},
 title = {IRGAN: A Minimax Game for Unifying Generative and Discriminative Information Retrieval Models},
 booktitle = {Proceedings of the 40th International ACM SIGIR Conference on Research and Development in Information Retrieval},
 series = {SIGIR '17},
 year = {2017},
 isbn = {978-1-4503-5022-8},
 location = {Shinjuku, Tokyo, Japan},
 pages = {515--524},
 numpages = {10},
 url = {http://doi.acm.org/10.1145/3077136.3080786},
 doi = {10.1145/3077136.3080786},
 acmid = {3080786},
 publisher = {ACM},
 address = {New York, NY, USA},
 keywords = {adversarial training, information retrieval, information retrieval models, question answering, recommender systems, web search},
} 
@article{DBLP:journals/corr/StrubMG16a,
  author    = {Florian Strub and
               J{\'{e}}r{\'{e}}mie Mary and
               Romaric Gaudel},
  title     = {Hybrid Recommender System based on Autoencoders},
  journal   = {CoRR},
  volume    = {abs/1606.07659},
  year      = {2016},
  url       = {http://arxiv.org/abs/1606.07659},
  archivePrefix = {arXiv},
  eprint    = {1606.07659},
  timestamp = {Wed, 07 Jun 2017 14:42:59 +0200},
  biburl    = {https://dblp.org/rec/bib/journals/corr/StrubMG16a},
  bibsource = {dblp computer science bibliography, https://dblp.org}
}
@inproceedings{strub:hal-01256422,
  TITLE = {{Collaborative Filtering with Stacked Denoising AutoEncoders and Sparse Inputs}},
  AUTHOR = {Strub, Florian and Mary, J{\'e}r{\'e}mie},
  URL = {https://hal.inria.fr/hal-01256422},
  BOOKTITLE = {{NIPS Workshop on Machine Learning for eCommerce}},
  ADDRESS = {Montreal, Canada},
  YEAR = {2015},
  MONTH = Dec,
  PDF = {https://hal.inria.fr/hal-01256422/file/Collaborative%20Filtering%20with%20Stacked%20Denoising%20AutoEncoders%20and%20Sparse%20Inputs.pdf},
  HAL_ID = {hal-01256422},
  HAL_VERSION = {v1},
}
@inproceedings{45530,
title = {Deep Neural Networks for YouTube Recommendations},
author  = {Paul Covington and Jay Adams and Emre Sargin},
year  = {2016},
booktitle = {Proceedings of the 10th ACM Conference on Recommender Systems},
address = {New York, NY, USA}
}

